@String(PAMI = {IEEE Trans. Pattern Anal. Mach. Intell.})
@String(IJCV = {Int. J. Comput. Vis.})
@String(CVPR= {IEEE Conf. Comput. Vis. Pattern Recog.})
@String(ICCV= {Int. Conf. Comput. Vis.})
@String(ECCV= {Eur. Conf. Comput. Vis.})
@String(NIPS= {Adv. Neural Inform. Process. Syst.})
@String(ICPR = {Int. Conf. Pattern Recog.})
@String(BMVC= {Brit. Mach. Vis. Conf.})
@String(TOG= {ACM Trans. Graph.})
@String(TIP  = {IEEE Trans. Image Process.})
@String(TVCG  = {IEEE Trans. Vis. Comput. Graph.})
@String(TMM  = {IEEE Trans. Multimedia})
@String(ACMMM= {ACM Int. Conf. Multimedia})
@String(ICME = {Int. Conf. Multimedia and Expo})
@String(ICASSP=	{ICASSP})
@String(ICIP = {IEEE Int. Conf. Image Process.})
@String(ACCV  = {ACCV})
@String(ICLR = {Int. Conf. Learn. Represent.})
@String(IJCAI = {IJCAI})
@String(PR   = {Pattern Recognition})
@String(AAAI = {AAAI})
@String(CVPRW= {IEEE Conf. Comput. Vis. Pattern Recog. Worksh.})
@String(CSVT = {IEEE Trans. Circuit Syst. Video Technol.})

@String(SPL	= {IEEE Sign. Process. Letters})
@String(VR   = {Vis. Res.})
@String(JOV	 = {J. Vis.})
@String(TVC  = {The Vis. Comput.})
@String(JCST  = {J. Comput. Sci. Tech.})
@String(CGF  = {Comput. Graph. Forum})
@String(CVM = {Computational Visual Media})


@String(PAMI  = {IEEE TPAMI})
@String(IJCV  = {IJCV})
@String(CVPR  = {CVPR})
@String(ICCV  = {ICCV})
@String(ECCV  = {ECCV})
@String(NIPS  = {NeurIPS})
@String(ICPR  = {ICPR})
@String(BMVC  =	{BMVC})
@String(TOG   = {ACM TOG})
@String(TIP   = {IEEE TIP})
@String(TVCG  = {IEEE TVCG})
@String(TCSVT = {IEEE TCSVT})
@String(TMM   =	{IEEE TMM})
@String(ACMMM = {ACM MM})
@String(ICME  =	{ICME})
@String(ICASSP=	{ICASSP})
@String(ICIP  = {ICIP})
@String(ACCV  = {ACCV})
@String(ICLR  = {ICLR})
@String(IJCAI = {IJCAI})
@String(PR = {PR})
@String(AAAI = {AAAI})
@String(CVPRW= {CVPRW})
@String(CSVT = {IEEE TCSVT})

@misc{topological_autoencoders,
  title         = {Topological Autoencoders},
  author        = {Michael Moor and Max Horn and Bastian Rieck and Karsten Borgwardt},
  year          = {2021},
  eprint        = {1906.00722},
  archiveprefix = {arXiv},
  primaryclass  = {cs.LG},
  url           = {https://arxiv.org/abs/1906.00722}
}

@misc{optimizing_persistent_homology,
  title         = {Optimizing persistent homology based functions},
  author        = {Mathieu Carrière and Frédéric Chazal and Marc Glisse and Yuichi Ike and Hariprasad Kannan},
  year          = {2021},
  eprint        = {2010.08356},
  archiveprefix = {arXiv},
  primaryclass  = {cs.CG},
  url           = {https://arxiv.org/abs/2010.08356}
}

@inproceedings{persistent_homology_seg,
  author    = {Wong, Chi-Chong and Vong, Chi-Man},
  booktitle = {2021 IEEE/CVF International Conference on Computer Vision (ICCV)},
  title     = {Persistent Homology based Graph Convolution Network for Fine-grained 3D Shape Segmentation},
  year      = {2021},
  volume    = {},
  number    = {},
  pages     = {7078-7087},
  keywords  = {Deep learning;Point cloud compression;Solid modeling;Three-dimensional displays;Convolution;Computational modeling;Semantics;Segmentation;grouping and shape},
  doi       = {10.1109/ICCV48922.2021.00701}
}

@misc{neural_approximation_graph_topological_features,
  title         = {Neural Approximation of Graph Topological Features},
  author        = {Zuoyu Yan and Tengfei Ma and Liangcai Gao and Zhi Tang and Yusu Wang and Chao Chen},
  year          = {2022},
  eprint        = {2201.12032},
  archiveprefix = {arXiv},
  primaryclass  = {cs.LG},
  url           = {https://arxiv.org/abs/2201.12032}
}

@misc{top_layer,
  title         = {A Topology Layer for Machine Learning},
  author        = {Rickard Brüel-Gabrielsson and Bradley J. Nelson and Anjan Dwaraknath and Primoz Skraba and Leonidas J. Guibas and Gunnar Carlsson},
  year          = {2020},
  eprint        = {1905.12200},
  archiveprefix = {arXiv},
  primaryclass  = {cs.LG},
  url           = {https://arxiv.org/abs/1905.12200}
}

@misc{topology_activations,
  title         = {Characterizing the Shape of Activation Space in Deep Neural Networks},
  author        = {Thomas Gebhart and Paul Schrater and Alan Hylton},
  year          = {2019},
  eprint        = {1901.09496},
  archiveprefix = {arXiv},
  primaryclass  = {cs.LG},
  url           = {https://arxiv.org/abs/1901.09496}
}

@misc{top_reg,
  title         = {Topologically Regularized Data Embeddings},
  author        = {Robin Vandaele and Bo Kang and Jefrey Lijffijt and Tijl De Bie and Yvan Saeys},
  year          = {2022},
  eprint        = {2110.09193},
  archiveprefix = {arXiv},
  primaryclass  = {cs.LG},
  url           = {https://arxiv.org/abs/2110.09193}
}

@inproceedings{top_signatures,
  author    = {Carrière, Mathieu and Oudot, Steve Y. and Ovsjanikov, Maks},
  title     = {Stable Topological Signatures for Points on 3D Shapes},
  booktitle = {Symposium on Geometry Processing},
  year      = {2015}
}


@misc{mantra,
  title         = {MANTRA: The Manifold Triangulations Assemblage},
  author        = {Rubén Ballester and Ernst Röell and Daniel Bīn Schmid and Mathieu Alain and Sergio Escalera and Carles Casacuberta and Bastian Rieck},
  year          = {2025},
  eprint        = {2410.02392},
  archiveprefix = {arXiv},
  primaryclass  = {cs.LG},
  url           = {https://arxiv.org/abs/2410.02392}
}

@misc{abc,
  title         = {ABC: A Big CAD Model Dataset For Geometric Deep Learning},
  author        = {Sebastian Koch and Albert Matveev and Zhongshi Jiang and Francis Williams and Alexey Artemov and Evgeny Burnaev and Marc Alexa and Denis Zorin and Daniele Panozzo},
  year          = {2019},
  eprint        = {1812.06216},
  archiveprefix = {arXiv},
  primaryclass  = {cs.GR},
  url           = {https://arxiv.org/abs/1812.06216}
}

@misc{shapenet,
  title         = {ShapeNet: An Information-Rich 3D Model Repository},
  author        = {Angel X. Chang and Thomas Funkhouser and Leonidas Guibas and Pat Hanrahan and Qixing Huang and Zimo Li and Silvio Savarese and Manolis Savva and Shuran Song and Hao Su and Jianxiong Xiao and Li Yi and Fisher Yu},
  year          = {2015},
  eprint        = {1512.03012},
  archiveprefix = {arXiv},
  primaryclass  = {cs.GR},
  url           = {https://arxiv.org/abs/1512.03012}
}

@misc{objaverse,
  title         = {Objaverse: A Universe of Annotated 3D Objects},
  author        = {Matt Deitke and Dustin Schwenk and Jordi Salvador and Luca Weihs and Oscar Michel and Eli VanderBilt and Ludwig Schmidt and Kiana Ehsani and Aniruddha Kembhavi and Ali Farhadi},
  year          = {2022},
  eprint        = {2212.08051},
  archiveprefix = {arXiv},
  primaryclass  = {cs.CV},
  url           = {https://arxiv.org/abs/2212.08051}
}

@misc{objaverse_xl,
  title         = {Objaverse-XL: A Universe of 10M+ 3D Objects},
  author        = {Matt Deitke and Ruoshi Liu and Matthew Wallingford and Huong Ngo and Oscar Michel and Aditya Kusupati and Alan Fan and Christian Laforte and Vikram Voleti and Samir Yitzhak Gadre and Eli VanderBilt and Aniruddha Kembhavi and Carl Vondrick and Georgia Gkioxari and Kiana Ehsani and Ludwig Schmidt and Ali Farhadi},
  year          = {2023},
  eprint        = {2307.05663},
  archiveprefix = {arXiv},
  primaryclass  = {cs.CV},
  url           = {https://arxiv.org/abs/2307.05663}
}

@misc{thingi,
  title         = {Thingi10K: A Dataset of 10,000 3D-Printing Models},
  author        = {Qingnan Zhou and Alec Jacobson},
  year          = {2016},
  eprint        = {1605.04797},
  archiveprefix = {arXiv},
  primaryclass  = {cs.GR},
  url           = {https://arxiv.org/abs/1605.04797}
}

@misc{superdec,
  title         = {SuperDec: 3D Scene Decomposition with Superquadric Primitives},
  author        = {Elisabetta Fedele and Boyang Sun and Leonidas Guibas and Marc Pollefeys and Francis Engelmann},
  year          = {2025},
  eprint        = {2504.00992},
  archiveprefix = {arXiv},
  primaryclass  = {cs.CV},
  url           = {https://arxiv.org/abs/2504.00992}
}

@article{superquadrics,
  author  = {Alan H. Barr},
  title   = {Superquadrics and Angle-Preserving Transformations},
  journal = {IEEE Computer Graphics and Applications},
  volume  = {1},
  number  = {1},
  pages   = {11--23},
  year    = {1981},
  doi     = {10.1109/MCG.1981.1673799}
}

@article{superformula,
  author  = {Gielis, Johan},
  title   = {A generic geometric transformation that unifies a wide range of natural and abstract shapes},
  journal = {American Journal of Botany},
  volume  = {90},
  number  = {3},
  pages   = {333--338},
  year    = {2003},
  doi     = {10.3732/ajb.90.3.333}
}


@book{Goodfellow-et-al-2016,
  title     = {Deep Learning},
  author    = {Ian Goodfellow and Yoshua Bengio and Aaron Courville},
  publisher = {MIT Press},
  note      = {\url{http://www.deeplearningbook.org}},
  year      = {2016}
}

@misc{pmaezero,
  title         = {Learning 3D Representations from Procedural 3D Programs},
  author        = {Xuweiyi Chen and Zezhou Cheng},
  year          = {2025},
  eprint        = {2411.17467},
  archiveprefix = {arXiv},
  primaryclass  = {cs.CV},
  url           = {https://arxiv.org/abs/2411.17467}
}

@misc{manifold,
  title         = {Robust Watertight Manifold Surface Generation Method for ShapeNet Models},
  author        = {Jingwei Huang and Hao Su and Leonidas Guibas},
  year          = {2018},
  eprint        = {1802.01698},
  archiveprefix = {arXiv},
  primaryclass  = {cs.CG},
  url           = {https://arxiv.org/abs/1802.01698}
}

@article{dogn,
  title   = {Dual Octree Graph Networks for Learning Adaptive Volumetric Shape Representations},
  author  = {Wang, Peng-Shuai and Liu, Yang and Tong, Xin},
  journal = {ACM Transactions on Graphics (SIGGRAPH)},
  volume  = {41},
  number  = {4},
  year    = {2022}
}

@misc{manifoldplus,
  title         = {ManifoldPlus: A Robust and Scalable Watertight Manifold Surface Generation Method for Triangle Soups},
  author        = {Jingwei Huang and Yichao Zhou and Leonidas Guibas},
  year          = {2020},
  eprint        = {2005.11621},
  archiveprefix = {arXiv},
  primaryclass  = {cs.GR},
  url           = {https://arxiv.org/abs/2005.11621}
}

@misc{eulearn,
  title         = {EuLearn: A 3D database for learning Euler characteristics},
  author        = {Rodrigo Fritz and Pablo Suárez-Serrato and Victor Mijangos and Anayanzi D. Martinez-Hernandez and Eduardo Ivan Velazquez Richards},
  year          = {2025},
  eprint        = {2505.13539},
  archiveprefix = {arXiv},
  primaryclass  = {cs.CG},
  url           = {https://arxiv.org/abs/2505.13539}
}

@misc{clay,
  title         = {CLAY: A Controllable Large-scale Generative Model for Creating High-quality 3D Assets},
  author        = {Longwen Zhang and Ziyu Wang and Qixuan Zhang and Qiwei Qiu and Anqi Pang and Haoran Jiang and Wei Yang and Lan Xu and Jingyi Yu},
  year          = {2024},
  eprint        = {2406.13897},
  archiveprefix = {arXiv},
  primaryclass  = {cs.CV},
  url           = {https://arxiv.org/abs/2406.13897}
}


@misc{atol,
  title         = {ATOL: Measure Vectorization for Automatic Topologically-Oriented Learning},
  author        = {Martin Royer and Frédéric Chazal and Clément Levrard and Umeda Yuhei and Ike Yuichi},
  year          = {2020},
  eprint        = {1909.13472},
  archiveprefix = {arXiv},
  primaryclass  = {cs.CG},
  url           = {https://arxiv.org/abs/1909.13472}
}

@article{betti_curves,
  title     = {Clique topology reveals intrinsic geometric structure in neural correlations},
  volume    = {112},
  issn      = {1091-6490},
  url       = {http://dx.doi.org/10.1073/pnas.1506407112},
  doi       = {10.1073/pnas.1506407112},
  number    = {44},
  journal   = {Proceedings of the National Academy of Sciences},
  publisher = {Proceedings of the National Academy of Sciences},
  author    = {Giusti, Chad and Pastalkova, Eva and Curto, Carina and Itskov, Vladimir},
  year      = {2015},
  month     = oct,
  pages     = {13455–13460}
}

@misc{persistence_landscapes,
  title         = {Statistical topological data analysis using persistence landscapes},
  author        = {Peter Bubenik},
  year          = {2015},
  eprint        = {1207.6437},
  archiveprefix = {arXiv},
  primaryclass  = {math.AT},
  url           = {https://arxiv.org/abs/1207.6437}
}

@misc{persistence_images,
  title         = {Persistence Images: A Stable Vector Representation of Persistent Homology},
  author        = {Henry Adams and Sofya Chepushtanova and Tegan Emerson and Eric Hanson and Michael Kirby and Francis Motta and Rachel Neville and Chris Peterson and Patrick Shipman and Lori Ziegelmeier},
  year          = {2016},
  eprint        = {1507.06217},
  archiveprefix = {arXiv},
  primaryclass  = {cs.CG},
  url           = {https://arxiv.org/abs/1507.06217}
}

@article{extended_persistence,
  author  = {Cohen-Steiner, David and Edelsbrunner, Herbert and Harer, John},
  title   = {Extending Persistence Using Poincaré and Lefschetz Duality},
  journal = {Foundations of Computational Mathematics},
  year    = {2009},
  volume  = {9},
  number  = {1},
  pages   = {79--103},
  doi     = {10.1007/s10208-008-9027-z}
}

@misc{perslay,
  title         = {PersLay: A Neural Network Layer for Persistence Diagrams and New Graph Topological Signatures},
  author        = {Mathieu Carrière and Frédéric Chazal and Yuichi Ike and Théo Lacombe and Martin Royer and Yuhei Umeda},
  year          = {2020},
  eprint        = {1904.09378},
  archiveprefix = {arXiv},
  primaryclass  = {stat.ML},
  url           = {https://arxiv.org/abs/1904.09378}
}

@misc{persformer,
  title         = {Persformer: A Transformer Architecture for Topological Machine Learning},
  author        = {Raphael Reinauer and Matteo Caorsi and Nicolas Berkouk},
  year          = {2022},
  eprint        = {2112.15210},
  archiveprefix = {arXiv},
  primaryclass  = {cs.LG},
  url           = {https://arxiv.org/abs/2112.15210}
}

@misc{pllay,
  title         = {PLLay: Efficient Topological Layer based on Persistence Landscapes},
  author        = {Kwangho Kim and Jisu Kim and Manzil Zaheer and Joon Sik Kim and Frederic Chazal and Larry Wasserman},
  year          = {2021},
  eprint        = {2002.02778},
  archiveprefix = {arXiv},
  primaryclass  = {cs.LG},
  url           = {https://arxiv.org/abs/2002.02778}
}

@misc{xpert,
  title         = {xPerT: Extended Persistence Transformer},
  author        = {Sehun Kim},
  year          = {2024},
  eprint        = {2410.14193},
  archiveprefix = {arXiv},
  primaryclass  = {cs.LG},
  url           = {https://arxiv.org/abs/2410.14193}
}

@misc{multiset_transformer,
  title         = {Multiset Transformer: Advancing Representation Learning in Persistence Diagrams},
  author        = {Minghua Wang and Ziyun Huang and Jinhui Xu},
  year          = {2024},
  eprint        = {2411.14662},
  archiveprefix = {arXiv},
  primaryclass  = {cs.LG},
  url           = {https://arxiv.org/abs/2411.14662}
}

@misc{topological_signature,
  title         = {Deep Learning with Topological Signatures},
  author        = {Christoph Hofer and Roland Kwitt and Marc Niethammer and Andreas Uhl},
  year          = {2018},
  eprint        = {1707.04041},
  archiveprefix = {arXiv},
  primaryclass  = {cs.CV},
  url           = {https://arxiv.org/abs/1707.04041}
}

@misc{pbert,
  title         = {Point-BERT: Pre-training 3D Point Cloud Transformers with Masked Point Modeling},
  author        = {Xumin Yu and Lulu Tang and Yongming Rao and Tiejun Huang and Jie Zhou and Jiwen Lu},
  year          = {2022},
  eprint        = {2111.14819},
  archiveprefix = {arXiv},
  primaryclass  = {cs.CV},
  url           = {https://arxiv.org/abs/2111.14819}
}

@misc{pm2ae,
  title         = {Point-M2AE: Multi-scale Masked Autoencoders for Hierarchical Point Cloud Pre-training},
  author        = {Renrui Zhang and Ziyu Guo and Rongyao Fang and Bin Zhao and Dong Wang and Yu Qiao and Hongsheng Li and Peng Gao},
  year          = {2022},
  eprint        = {2205.14401},
  archiveprefix = {arXiv},
  primaryclass  = {cs.CV},
  url           = {https://arxiv.org/abs/2205.14401}
}

@misc{pmae,
  title         = {Masked Autoencoders for Point Cloud Self-supervised Learning},
  author        = {Yatian Pang and Wenxiao Wang and Francis E. H. Tay and Wei Liu and Yonghong Tian and Li Yuan},
  year          = {2022},
  eprint        = {2203.06604},
  archiveprefix = {arXiv},
  primaryclass  = {cs.CV},
  url           = {https://arxiv.org/abs/2203.06604}
}

@misc{pcpmae,
  title         = {PCP-MAE: Learning to Predict Centers for Point Masked Autoencoders},
  author        = {Xiangdong Zhang and Shaofeng Zhang and Junchi Yan},
  year          = {2024},
  eprint        = {2408.08753},
  archiveprefix = {arXiv},
  primaryclass  = {cs.CV},
  url           = {https://arxiv.org/abs/2408.08753}
}

@misc{pfemae,
  title         = {Towards Compact 3D Representations via Point Feature Enhancement Masked Autoencoders},
  author        = {Yaohua Zha and Huizhen Ji and Jinmin Li and Rongsheng Li and Tao Dai and Bin Chen and Zhi Wang and Shu-Tao Xia},
  year          = {2023},
  eprint        = {2312.10726},
  archiveprefix = {arXiv},
  primaryclass  = {cs.CV},
  url           = {https://arxiv.org/abs/2312.10726}
}

@misc{hfbrimae,
  title         = {HFBRI-MAE: Handcrafted Feature Based Rotation-Invariant Masked Autoencoder for 3D Point Cloud Analysis},
  author        = {Xuanhua Yin and Dingxin Zhang and Jianhui Yu and Weidong Cai},
  year          = {2025},
  eprint        = {2504.14132},
  archiveprefix = {arXiv},
  primaryclass  = {cs.CV},
  url           = {https://arxiv.org/abs/2504.14132}
}

@inproceedings{prae,
  series     = {MM ’23},
  title      = {Regress Before Construct: Regress Autoencoder for Point Cloud Self-supervised Learning},
  url        = {http://dx.doi.org/10.1145/3581783.3612106},
  doi        = {10.1145/3581783.3612106},
  booktitle  = {Proceedings of the 31st ACM International Conference on Multimedia},
  publisher  = {ACM},
  author     = {Liu, Yang and Chen, Chen and Wang, Can and King, Xulin and Liu, Mengyuan},
  year       = {2023},
  month      = oct,
  pages      = {1738–1749},
  collection = {MM ’23}
}


@misc{mae,
  title         = {Towards Compact 3D Representations via Point Feature Enhancement Masked Autoencoders},
  author        = {Yaohua Zha and Huizhen Ji and Jinmin Li and Rongsheng Li and Tao Dai and Bin Chen and Zhi Wang and Shu-Tao Xia},
  year          = {2023},
  eprint        = {2312.10726},
  archiveprefix = {arXiv},
  primaryclass  = {cs.CV},
  url           = {https://arxiv.org/abs/2312.10726}
}

@misc{adaptive_topological_feature,
  title         = {Adaptive Topological Feature via Persistent Homology: Filtration Learning for Point Clouds},
  author        = {Naoki Nishikawa and Yuichi Ike and Kenji Yamanishi},
  year          = {2023},
  eprint        = {2307.09259},
  archiveprefix = {arXiv},
  primaryclass  = {cs.LG},
  url           = {https://arxiv.org/abs/2307.09259}
}


@misc{topology_aware_latent_diffusion,
  title         = {Topology-Aware Latent Diffusion for 3D Shape Generation},
  author        = {Jiangbei Hu and Ben Fei and Baixin Xu and Fei Hou and Weidong Yang and Shengfa Wang and Na Lei and Chen Qian and Ying He},
  year          = {2024},
  eprint        = {2401.17603},
  archiveprefix = {arXiv},
  primaryclass  = {cs.CV},
  url           = {https://arxiv.org/abs/2401.17603}
}

@misc{cka,
  title         = {Similarity of Neural Network Representations Revisited},
  author        = {Simon Kornblith and Mohammad Norouzi and Honglak Lee and Geoffrey Hinton},
  year          = {2019},
  eprint        = {1905.00414},
  archiveprefix = {arXiv},
  primaryclass  = {cs.LG},
  url           = {https://arxiv.org/abs/1905.00414}
}

@book{counting,
  author    = {Bruce E. Sagan},
  title     = {Combinatorics: The Art of Counting},
  series    = {Graduate Studies in Mathematics},
  volume    = {210},
  publisher = {American Mathematical Society},
  year      = {2020},
  pages     = {304},
  isbn      = {978-1-4704-6032-7}
}

@misc{pointnet,
  title         = {PointNet: Deep Learning on Point Sets for 3D Classification and Segmentation},
  author        = {Charles R. Qi and Hao Su and Kaichun Mo and Leonidas J. Guibas},
  year          = {2017},
  eprint        = {1612.00593},
  archiveprefix = {arXiv},
  primaryclass  = {cs.CV},
  url           = {https://arxiv.org/abs/1612.00593}
}

@misc{pointnet++,
  title         = {PointNet++: Deep Hierarchical Feature Learning on Point Sets in a Metric Space},
  author        = {Charles R. Qi and Li Yi and Hao Su and Leonidas J. Guibas},
  year          = {2017},
  eprint        = {1706.02413},
  archiveprefix = {arXiv},
  primaryclass  = {cs.CV},
  url           = {https://arxiv.org/abs/1706.02413}
}

@misc{dgcnn,
  title         = {Dynamic Graph CNN for Learning on Point Clouds},
  author        = {Yue Wang and Yongbin Sun and Ziwei Liu and Sanjay E. Sarma and Michael M. Bronstein and Justin M. Solomon},
  year          = {2019},
  eprint        = {1801.07829},
  archiveprefix = {arXiv},
  primaryclass  = {cs.CV},
  url           = {https://arxiv.org/abs/1801.07829}
}

@misc{plato,
  title         = {Escaping Plato's Cave: Towards the Alignment of 3D and Text Latent Spaces},
  author        = {Souhail Hadgi and Luca Moschella and Andrea Santilli and Diego Gomez and Qixing Huang and Emanuele Rodolà and Simone Melzi and Maks Ovsjanikov},
  year          = {2025},
  eprint        = {2503.05283},
  archiveprefix = {arXiv},
  primaryclass  = {cs.CV},
  url           = {https://arxiv.org/abs/2503.05283}
}

@misc{platonic,
  title         = {The Platonic Representation Hypothesis},
  author        = {Minyoung Huh and Brian Cheung and Tongzhou Wang and Phillip Isola},
  year          = {2024},
  eprint        = {2405.07987},
  archiveprefix = {arXiv},
  primaryclass  = {cs.LG},
  url           = {https://arxiv.org/abs/2405.07987}
}

@misc{set-transformer,
  title         = {Set Transformer: A Framework for Attention-based Permutation-Invariant Neural Networks},
  author        = {Juho Lee and Yoonho Lee and Jungtaek Kim and Adam R. Kosiorek and Seungjin Choi and Yee Whye Teh},
  year          = {2019},
  eprint        = {1810.00825},
  archiveprefix = {arXiv},
  primaryclass  = {cs.LG},
  url           = {https://arxiv.org/abs/1810.00825}
}


@misc{ulip,
  title         = {ULIP: Learning a Unified Representation of Language, Images, and Point Clouds for 3D Understanding},
  author        = {Le Xue and Mingfei Gao and Chen Xing and Roberto Martín-Martín and Jiajun Wu and Caiming Xiong and Ran Xu and Juan Carlos Niebles and Silvio Savarese},
  year          = {2023},
  eprint        = {2212.05171},
  archiveprefix = {arXiv},
  primaryclass  = {cs.CV},
  url           = {https://arxiv.org/abs/2212.05171}
}

@misc{ulip2,
  title         = {ULIP-2: Towards Scalable Multimodal Pre-training for 3D Understanding},
  author        = {Le Xue and Ning Yu and Shu Zhang and Artemis Panagopoulou and Junnan Li and Roberto Martín-Martín and Jiajun Wu and Caiming Xiong and Ran Xu and Juan Carlos Niebles and Silvio Savarese},
  year          = {2024},
  eprint        = {2305.08275},
  archiveprefix = {arXiv},
  primaryclass  = {cs.CV},
  url           = {https://arxiv.org/abs/2305.08275}
}

@misc{pointllm,
  title         = {PointLLM: Empowering Large Language Models to Understand Point Clouds},
  author        = {Runsen Xu and Xiaolong Wang and Tai Wang and Yilun Chen and Jiangmiao Pang and Dahua Lin},
  year          = {2024},
  eprint        = {2308.16911},
  archiveprefix = {arXiv},
  primaryclass  = {cs.CV},
  url           = {https://arxiv.org/abs/2308.16911}
}

@misc{pointnext,
  title         = {PointNeXt: Revisiting PointNet++ with Improved Training and Scaling Strategies},
  author        = {Guocheng Qian and Yuchen Li and Houwen Peng and Jinjie Mai and Hasan Abed Al Kader Hammoud and Mohamed Elhoseiny and Bernard Ghanem},
  year          = {2022},
  eprint        = {2206.04670},
  archiveprefix = {arXiv},
  primaryclass  = {cs.CV},
  url           = {https://arxiv.org/abs/2206.04670}
}

@misc{shapellm,
  title         = {ShapeLLM: Universal 3D Object Understanding for Embodied Interaction},
  author        = {Zekun Qi and Runpei Dong and Shaochen Zhang and Haoran Geng and Chunrui Han and Zheng Ge and Li Yi and Kaisheng Ma},
  year          = {2024},
  eprint        = {2402.17766},
  archiveprefix = {arXiv},
  primaryclass  = {cs.CV},
  url           = {https://arxiv.org/abs/2402.17766}
}

@misc{recon,
  title         = {Contrast with Reconstruct: Contrastive 3D Representation Learning Guided by Generative Pretraining},
  author        = {Zekun Qi and Runpei Dong and Guofan Fan and Zheng Ge and Xiangyu Zhang and Kaisheng Ma and Li Yi},
  year          = {2023},
  eprint        = {2302.02318},
  archiveprefix = {arXiv},
  primaryclass  = {cs.CV},
  url           = {https://arxiv.org/abs/2302.02318}
}

@misc{uni3d,
  title         = {Uni3D: Exploring Unified 3D Representation at Scale},
  author        = {Junsheng Zhou and Jinsheng Wang and Baorui Ma and Yu-Shen Liu and Tiejun Huang and Xinlong Wang},
  year          = {2023},
  eprint        = {2310.06773},
  archiveprefix = {arXiv},
  primaryclass  = {cs.CV},
  url           = {https://arxiv.org/abs/2310.06773}
}


@misc{pointcnn,
  title         = {PointCNN: Convolution On $\mathcal{X}$-Transformed Points},
  author        = {Yangyan Li and Rui Bu and Mingchao Sun and Wei Wu and Xinhan Di and Baoquan Chen},
  year          = {2018},
  eprint        = {1801.07791},
  archiveprefix = {arXiv},
  primaryclass  = {cs.CV},
  url           = {https://arxiv.org/abs/1801.07791}
}

@misc{pointconv,
  title         = {PointConv: Deep Convolutional Networks on 3D Point Clouds},
  author        = {Wenxuan Wu and Zhongang Qi and Li Fuxin},
  year          = {2020},
  eprint        = {1811.07246},
  archiveprefix = {arXiv},
  primaryclass  = {cs.CV},
  url           = {https://arxiv.org/abs/1811.07246}
}

@misc{kpconv,
  title         = {KPConv: Flexible and Deformable Convolution for Point Clouds},
  author        = {Hugues Thomas and Charles R. Qi and Jean-Emmanuel Deschaud and Beatriz Marcotegui and François Goulette and Leonidas J. Guibas},
  year          = {2019},
  eprint        = {1904.08889},
  archiveprefix = {arXiv},
  primaryclass  = {cs.CV},
  url           = {https://arxiv.org/abs/1904.08889}
}

@misc{pvcnn,
  title         = {Point-Voxel CNN for Efficient 3D Deep Learning},
  author        = {Zhijian Liu and Haotian Tang and Yujun Lin and Song Han},
  year          = {2019},
  eprint        = {1907.03739},
  archiveprefix = {arXiv},
  primaryclass  = {cs.CV},
  url           = {https://arxiv.org/abs/1907.03739}
}

@misc{smoothgrad,
  title         = {SmoothGrad: removing noise by adding noise},
  author        = {Daniel Smilkov and Nikhil Thorat and Been Kim and Fernanda Viégas and Martin Wattenberg},
  year          = {2017},
  eprint        = {1706.03825},
  archiveprefix = {arXiv},
  primaryclass  = {cs.LG},
  url           = {https://arxiv.org/abs/1706.03825}
}

@misc{intermediate_layers,
  title         = {Understanding intermediate layers using linear classifier probes},
  author        = {Guillaume Alain and Yoshua Bengio},
  year          = {2018},
  eprint        = {1610.01644},
  archiveprefix = {arXiv},
  primaryclass  = {stat.ML},
  url           = {https://arxiv.org/abs/1610.01644}
}

@inproceedings{structural_probe,
  title     = {{A} Structural Probe for Finding Syntax in Word Representations},
  author    = {Hewitt, John  and
               Manning, Christopher D.},
  editor    = {Burstein, Jill  and
               Doran, Christy  and
               Solorio, Thamar},
  booktitle = {Proceedings of the 2019 Conference of the North {A}merican Chapter of the Association for Computational Linguistics: Human Language Technologies, Volume 1 (Long and Short Papers)},
  month     = jun,
  year      = {2019},
  address   = {Minneapolis, Minnesota},
  publisher = {Association for Computational Linguistics},
  url       = {https://aclanthology.org/N19-1419/},
  doi       = {10.18653/v1/N19-1419},
  pages     = {4129--4138},
  abstract  = {Recent work has improved our ability to detect linguistic knowledge in word representations. However, current methods for detecting syntactic knowledge do not test whether syntax trees are represented in their entirety. In this work, we propose a structural probe, which evaluates whether syntax trees are embedded in a linear transformation of a neural network{'}s word representation space. The probe identifies a linear transformation under which squared L2 distance encodes the distance between words in the parse tree, and one in which squared L2 norm encodes depth in the parse tree. Using our probe, we show that such transformations exist for both ELMo and BERT but not in baselines, providing evidence that entire syntax trees are embedded implicitly in deep models' vector geometry.}
}

@misc{vit_probing,
  title         = {Do Vision Transformers See Like Convolutional Neural Networks?},
  author        = {Maithra Raghu and Thomas Unterthiner and Simon Kornblith and Chiyuan Zhang and Alexey Dosovitskiy},
  year          = {2022},
  eprint        = {2108.08810},
  archiveprefix = {arXiv},
  primaryclass  = {cs.CV},
  url           = {https://arxiv.org/abs/2108.08810}
}